% This file was created with JabRef 2.10.
% Encoding: UTF8


@Standard{D62-2004,
  Title                    = {{JTG D62-2004: 公路钢筋混凝土及预应力混凝土桥涵设计规范}},
  Organization             = {中华人民共和国交通部},
  Author                   = {中华人民共和国交通部},
  Year                     = {2004},

  File                     = {D62-2004.pdf:home/yangdawei/develop/Lectures/ConcreteStructures/codes/D62-2004.pdf:PDF},
  Owner                    = {yangdawei},
  Publisher                = {中华人民共和国交通部},
  Timestamp                = {2016.08.09}
}

@Standard{GB50283-1999,
  Title                    = {{G{B}/T 50283-1999: 公路工程结构可靠度设计统一标准}},
  Organization             = {交通部公路规划设计研究院},
  Author                   = {中华人民共和国交通部},
  Language                 = {zh},
  Year                     = {1999},

  File                     = {GB50283-1999.pdf:home/yangdawei/develop/Lectures/ConcreteStructures/codes/GB50283-1999.pdf:PDF},
  Owner                    = {yangdawei},
  Timestamp                = {2016.08.09}
}

@Standard{GB50068-2001,
  Title                    = {G{B} 50068-2001: 建筑结构可靠度设计统一标准},
  Organization             = {中华人民共和国建设部},
  Author                   = {中华人民共和国建设部},
  Year                     = {2001},

  File                     = {GB50068-2001.pdf:home/yangdawei/develop/Lectures/ConcreteStructures/codes/GB50068-2001.pdf:PDF},
  Owner                    = {yangdawei},
  Timestamp                = {2016.08.14}
}

@Standard{D60-2015,
  Title                    = {JTG D60-2015: 公路桥涵设计通用规范},
  Institution              = {中华人民共和国交通部},
  Organization             = {中华人民共和国交通部},

  File                     = {D60-2015.pdf:home/yangdawei/develop/Lectures/ConcreteStructures/codes/D60-2015.pdf:PDF},
  Owner                    = {yangdawei},
  Timestamp                = {2016.08.15}
}

