% This file was created with JabRef 2.10.
% Encoding: UTF8


@Standard{Beeby1994,
  Title                    = {Worked examples for the design of concrete buildings},
  Organization             = {British Cement Assocation},
  Author                   = {A. W. Beeby and R. S. Narayanan \& R. Whittle and A. J. Threlfall},
  Year                     = {1994},

  File                     = {Beeby1994.pdf:home/yangdawei/develop/Lectures/ConcreteStructures/books/Beeby1994.pdf:PDF},
  Owner                    = {yangdawei},
  Timestamp                = {2015.09.18}
}

@Book{Bhatt2006,
  Title                    = {Reinforced Concrete: Design theory and examples},
  Author                   = {Prab Bhatt and Thomas J. MacGinley and Ban Seng Choo},
  Publisher                = {Taylor \& Francis},
  Year                     = {2006},
  Edition                  = {Third},

  File                     = {Bhatt2006.pdf:home/yangdawei/develop/Lectures/ConcreteStructures/books/Bhatt2006.pdf:PDF},
  Owner                    = {yangdawei},
  Timestamp                = {2016.08.09}
}

@TechReport{Calaver2004,
  Title                    = {Precast Concrete Bridges: State-of-Art Report},
  Author                   = {Jose Calavera},
  Institution              = {CEB-FIP},
  Year                     = {2004},

  File                     = {Calaver2004.pdf:home/yangdawei/develop/Lectures/ConcreteStructures/books/Calaver2004.pdf:PDF},
  Owner                    = {yangdawei},
  Timestamp                = {2015.09.20}
}

@Book{Choi2007,
  Title                    = {Reliability-based Structural Design},
  Author                   = {Seung-Kyum Choi and Ramana V. Grandhi and Robert A. Canfield},
  Publisher                = {Springer},
  Year                     = {2007},

  File                     = {Choi2007.pdf:home/yangdawei/develop/Lectures/ConcreteStructures/books/Choi2007.pdf:PDF},
  Owner                    = {yangdawei},
  Timestamp                = {2016.08.09}
}

@Book{Dhillon2005,
  Title                    = {Reliability, Quality,and Safety for Engineers},
  Author                   = {B.S. Dhillon},
  Publisher                = {CRC Press},
  Year                     = {2005},

  File                     = {Dhillon2005.pdf:home/yangdawei/develop/Lectures/ConcreteStructures/books/Dhillon2005.pdf:PDF},
  Owner                    = {yangdawei},
  Timestamp                = {2016.08.09}
}

@Book{Ditlevsen2007,
  Title                    = {Structural Reliability Methods},
  Author                   = {O. Ditlevsen and H.O. Madsen},
  Publisher                = {John Wiley \& Sons Ltd},
  Year                     = {2007},

  File                     = {Ditlevsen2007.pdf:home/yangdawei/develop/Lectures/ConcreteStructures/books/Ditlevsen2007.pdf:PDF},
  Owner                    = {yangdawei},
  Timestamp                = {2016.08.13}
}

@Book{Elishakoff2001,
  Title                    = {Interrelation Between Safety Factors and Reliability},
  Author                   = {Isaac Elishakoff},
  Publisher                = {NASA},
  Year                     = {2001},

  File                     = {Elishakoff2001.pdf:home/yangdawei/develop/Lectures/ConcreteStructures/books/Elishakoff2001.pdf:PDF},
  Owner                    = {yangdawei},
  Review                   = {讲述了可靠度和安全度研究的历史},
  Timestamp                = {2016.08.09}
}

@Book{El-Reedy2013,
  Title                    = {Reinforced Concrete Structural Reliability},
  Author                   = {Mohamed A. El-Reedy},
  Publisher                = {CRC Press},
  Year                     = {2013},

  File                     = {El-Reedy2013.pdf:home/yangdawei/develop/Lectures/ConcreteStructures/books/El-Reedy2013.pdf:PDF},
  Owner                    = {yangdawei},
  Timestamp                = {2016.08.13}
}

@Book{Menn1986,
  Title                    = {Prestressed Concrete Bridges},
  Author                   = {Chrisian Menn},
  Publisher                = {Birkhauser Verlag},
  Year                     = {1986},

  File                     = {Menn1986.pdf:home/yangdawei/develop/Lectures/ConcreteStructures/books/Menn1986.pdf:PDF},
  Owner                    = {yangdawei},
  Timestamp                = {2015.09.20}
}

@Book{Nilson1987,
  Title                    = {Design of Prestressed Concrete},
  Author                   = {Arthur H. Nilson},
  Publisher                = {John Wiley \& Sons},
  Year                     = {1987},

  File                     = {Nilson1987.pdf:home/yangdawei/develop/Lectures/ConcreteStructures/books/Nilson1987.pdf:PDF},
  Owner                    = {yangdawei},
  Timestamp                = {2015.09.18}
}

@Book{Nilson2010,
  Title                    = {Design of Concrete Structures},
  Author                   = {Arthur H. Nilson and David Darwin and Charles W. Dolan},
  Publisher                = {Mc Graw Hill Higher Education},
  Year                     = {2010},

  File                     = {Nilson2010.pdf:home/yangdawei/develop/Lectures/ConcreteStructures/books/Nilson2010.pdf:PDF},
  Owner                    = {yangdawei},
  Timestamp                = {2015.09.18}
}

@Book{Gong2007,
  Title                    = {工程结构可靠性设计原理},
  Author                   = {贡金鑫 and 魏巍巍},
  Publisher                = {机械工业出版社},
  Year                     = {2007},

  Owner                    = {yangdawei},
  Timestamp                = {2016.08.13}
}

