@article{Turing.1936,
  author = {Turing, Alan M.},
  journal = {Proceedings of the London Mathematical Society},
  keywords = {logic},
  pages = {230--265},
  series = 2,
  title = {On Computable Numbers, with an application to the
Entscheidungsproblem},
  volume = 42,
  year = 1936
}

@book{Engelbart.1962,
    author = {Engelbart, Douglas Carl},
    keywords = {augmenting, computer, hci, human, intelligence},
    publisher = {Stanford Research Institute},
    title = {{AUGMENTING HUMAN INTELLECT: A Conceptual Framework}},
    year = {1962},
}

@book{Knuth.1986,
  author    = {Donald E. Knuth},
  title     = {TeX: The Program},
  publisher = {Addison-Wesley},
  year      = {1986},
  isbn      = {0-201-13437-3},
}

@article{Bernerslee.2001,
  author = {Berners-Lee, Tim and Hendler, James and Lassila, Ora},
  journal = {Scientific American},
  lastname = {Berners-Lee},
  month = may,
  number = 5,
  pages = {34-43},
  title = {The Semantic Web},
  volume = 284,
  year = 2001
}